<collection xmlns="http://www.loc.gov/MARC21/slim">
<record>
  <leader>02044nam0a2200349 i 450 </leader>
  <controlfield tag="001">IT\ICCU\CNCE\040952</controlfield>
  <controlfield tag="005">20150527000000.0</controlfield>
  <datafield tag="012" ind1=" " ind2=" ">
    <subfield code="a">e.o- e.Ad o.p- &amp;mto (3) 1559 (R)</subfield>
    <subfield code="2">fei</subfield>
  </datafield>
  <datafield tag="100" ind1=" " ind2=" ">
    <subfield code="a">19981104d1559        0itac0103    ba</subfield>
  </datafield>
  <datafield tag="101" ind1=" " ind2=" ">
    <subfield code="a">ITA</subfield>
  </datafield>
  <datafield tag="102" ind1=" " ind2=" ">
    <subfield code="a">IT</subfield>
  </datafield>
  <datafield tag="200" ind1="1" ind2=" ">
    <subfield code="a">Opera nuoua historiata della diuinita et humanita di Christo di nuouo venuta in luce</subfield>
  </datafield>
  <datafield tag="210" ind1=" " ind2=" ">
    <subfield code="a">In Milano</subfield>
    <subfield code="c">si vendono al segno di santo Michele Archangelo</subfield>
    <subfield code="d">1559</subfield>
    <subfield code="e">In Milano</subfield>
    <subfield code="g">per Innocentio Cicognera</subfield>
    <subfield code="g">ad instantia di m. Benedetto Pellizone</subfield>
    <subfield code="h">al segno di san Michele Archangelo</subfield>
    <subfield code="h">adi XXV di febraro 1559</subfield>
  </datafield>
  <datafield tag="215" ind1=" " ind2=" ">
    <subfield code="a">XLVIII c.</subfield>
    <subfield code="c">ill</subfield>
    <subfield code="d">fol</subfield>
  </datafield>
  <datafield tag="300" ind1=" " ind2=" ">
    <subfield code="a">Il nome dell&apos;autore si ricava dalla dedica</subfield>
  </datafield>
  <datafield tag="620" ind1=" " ind2=" ">
    <subfield code="a">IT</subfield>
    <subfield code="d">Milano</subfield>
  </datafield>
  <datafield tag="700" ind1=" " ind2="1">
    <subfield code="a">Ferraro,</subfield>
    <subfield code="b">Giovanni Pietro</subfield>
    <subfield code="3">IT\ICCU\CNCA\017849</subfield>
  </datafield>
  <datafield tag="712" ind1="0" ind2="0">
    <subfield code="a">Pellizzoni, Benedetto</subfield>
    <subfield code="3">IT\ICCU\CNCT\003675</subfield>
    <subfield code="4">650</subfield>
  </datafield>
  <datafield tag="712" ind1="0" ind2="0">
    <subfield code="a">Cicognara, Innocenzo</subfield>
    <subfield code="3">IT\ICCU\CNCT\000111</subfield>
    <subfield code="4">650</subfield>
  </datafield>
  <datafield tag="791" ind1="0" ind2="0">
    <subfield code="a">Pilizonus, Benedictus</subfield>
    <subfield code="3">IT\ICCU\CNCT\004033</subfield>
    <subfield code="z">Pellizzoni, Benedetto</subfield>
  </datafield>
  <datafield tag="791" ind1="0" ind2="0">
    <subfield code="a">Pellizone, Benedetto</subfield>
    <subfield code="3">IT\ICCU\CNCT\005356</subfield>
    <subfield code="z">Pellizzoni, Benedetto</subfield>
  </datafield>
  <datafield tag="791" ind1="0" ind2="0">
    <subfield code="a">Cicognara, Nocento da</subfield>
    <subfield code="3">IT\ICCU\CNCT\004592</subfield>
    <subfield code="z">Cicognara, Innocenzo</subfield>
  </datafield>
  <datafield tag="791" ind1="0" ind2="0">
    <subfield code="a">Cicognera, Innocentio de</subfield>
    <subfield code="3">IT\ICCU\CNCT\004594</subfield>
    <subfield code="z">Cicognara, Innocenzo</subfield>
  </datafield>
  <datafield tag="791" ind1="0" ind2="0">
    <subfield code="a">Ciconiara, Innocentius</subfield>
    <subfield code="3">IT\ICCU\CNCT\004596</subfield>
    <subfield code="z">Cicognara, Innocenzo</subfield>
  </datafield>
  <datafield tag="791" ind1="0" ind2="0">
    <subfield code="a">Ciconiarus, Innocentius</subfield>
    <subfield code="3">IT\ICCU\CNCT\004598</subfield>
    <subfield code="z">Cicognara, Innocenzo</subfield>
  </datafield>
  <datafield tag="791" ind1="0" ind2="2">
    <subfield code="a">℗al segno della ℗Cicogna</subfield>
    <subfield code="3">IT\ICCU\CNCT\006420</subfield>
    <subfield code="z">Cicognara, Innocenzo</subfield>
  </datafield>
  <datafield tag="801" ind1=" " ind2="3">
    <subfield code="a">IT</subfield>
    <subfield code="b">ICCU</subfield>
    <subfield code="c">20201114</subfield>
  </datafield>
  <datafield tag="899" ind1=" " ind2=" ">
    <subfield code="a">Biblioteca nazionale universitaria. Torino</subfield>
    <subfield code="1">TO0265</subfield>
    <subfield code="2">TO0 02</subfield>
  </datafield>
  <datafield tag="911" ind1=" " ind2=" ">
    <subfield code="a">sul front.</subfield>
    <subfield code="9">IT\ICCU\CNCM\001867</subfield>
  </datafield>
  <datafield tag="911" ind1=" " ind2=" ">
    <subfield code="a">nel colph.</subfield>
    <subfield code="9">IT\ICCU\CNCM\001599</subfield>
  </datafield>
  <datafield tag="921" ind1=" " ind2=" ">
    <subfield code="a">IT\ICCU\CNCM\001867</subfield>
    <subfield code="b">S. Michele con spada e bilancia, ai piedi il diavolo. In basso: Benedetto di Pilizono</subfield>
    <subfield code="c">Z841</subfield>
    <subfield code="d">dimensioni cm. 9,7 x 11</subfield>
    <subfield code="f">S.MICHELE</subfield>
    <subfield code="f">SPADA</subfield>
    <subfield code="f">BILANCIA</subfield>
    <subfield code="f">DIAVOLO</subfield>
    <subfield code="g">1559</subfield>
  </datafield>
  <datafield tag="921" ind1=" " ind2=" ">
    <subfield code="a">IT\ICCU\CNCM\001599</subfield>
    <subfield code="b">S. Michele con spada e bilancia, ai piedi il diavolo. Nella cornice ovale: Benedictus Pilizonus</subfield>
    <subfield code="c">U495</subfield>
    <subfield code="d">Dimensioni: 5 x 3,5</subfield>
    <subfield code="f">MICHELE</subfield>
    <subfield code="f">BILANCIA</subfield>
    <subfield code="f">SPADA</subfield>
    <subfield code="g">1559-1572</subfield>
  </datafield>
</record>
</collection>
